<record><leader>01365cas a2200361 a 4500</leader><controlfield tag="001">sn 96080161 </controlfield><controlfield tag="003">DLC</controlfield><controlfield tag="005">20080518080343.0</controlfield><controlfield tag="007">hd afu---bact</controlfield><controlfield tag="007">hd bfu---baat</controlfield><controlfield tag="008">960415d18981902nbuwr nea     0    0eng d</controlfield><datafield ind1=" " ind2=" " tag="010"><subfield code="a">sn 96080161 </subfield></datafield><datafield ind1=" " ind2=" " tag="035"><subfield code="a">(OCoLC)34575208</subfield></datafield><datafield ind1=" " ind2=" " tag="040"><subfield code="a">NbU</subfield><subfield code="c">NbU</subfield><subfield code="d">OCoLC</subfield><subfield code="d">NbU</subfield><subfield code="d">OCoLC</subfield></datafield><datafield ind1=" " ind2=" " tag="042"><subfield code="a">msc</subfield></datafield><datafield ind1=" " ind2=" " tag="043"><subfield code="a">n-us-nb</subfield></datafield><datafield ind1="0" ind2=" " tag="130"><subfield code="a">Conservative (Nebraska City, Neb.)</subfield></datafield><datafield ind1="0" ind2="4" tag="245"><subfield code="a">The Conservative</subfield><subfield code="h">[microform].</subfield></datafield><datafield ind1=" " ind2=" " tag="260"><subfield code="a">Nebraska City, Neb. :</subfield><subfield code="b">Morton Print. Co.,</subfield><subfield code="c">[1898-1902]</subfield></datafield><datafield ind1=" " ind2=" " tag="300"><subfield code="a">4 v. :</subfield><subfield code="b">ill. ;</subfield><subfield code="c">32 cm.</subfield></datafield><datafield ind1=" " ind2=" " tag="310"><subfield code="a">Weekly</subfield></datafield><datafield ind1="0" ind2=" " tag="362"><subfield code="a">Vol. 1, no. 1 (July 14, 1898)-v. 4, no. 47 (May 29, 1902).</subfield></datafield><datafield ind1=" " ind2=" " tag="500"><subfield code="a">Title from caption.</subfield></datafield><datafield ind1=" " ind2=" " tag="520"><subfield code="a">A journal devoted to the discussion of political, economic, and sociological questions.</subfield></datafield><datafield ind1=" " ind2=" " tag="500"><subfield code="a">Editor: J. Sterling Morton.</subfield></datafield><datafield ind1=" " ind2=" " tag="533"><subfield code="a">Microfilm.</subfield><subfield code="m">1898-1902.</subfield><subfield code="b">Lincoln, Neb. :</subfield><subfield code="c">Nebraska State Historical Society,</subfield><subfield code="d">1988.</subfield><subfield code="e">2 microfilm reels ; 35 mm.</subfield></datafield><datafield ind1=" " ind2="0" tag="651"><subfield code="a">Nebraska City (Neb.)</subfield><subfield code="v">Newspapers.</subfield></datafield><datafield ind1=" " ind2="0" tag="650"><subfield code="a">Social sciences</subfield><subfield code="v">Periodicals.</subfield></datafield><datafield ind1=" " ind2="0" tag="651"><subfield code="a">United States</subfield><subfield code="x">Politics and government</subfield><subfield code="v">Periodicals.</subfield></datafield><datafield ind1="1" ind2=" " tag="700"><subfield code="a">Morton, J. Sterling</subfield><subfield code="q">(Julius Sterling),</subfield><subfield code="d">1832-1902.</subfield></datafield><datafield ind1="1" ind2=" " tag="776"><subfield code="c">Original</subfield><subfield code="w">(DLC)sn 02027093</subfield></datafield><datafield ind1=" " ind2=" " tag="752"><subfield code="a">United States $b Nebraska $c Otoe $d Nebraska City</subfield></datafield><datafield ind1="0" ind2="0" tag="785"><subfield code="t">Nebraska City weekly</subfield><subfield code="w">(DLC)sn 95069539</subfield></datafield></record>